
@BOOK{kvantkonyv1,
  author="Imre Sándor and Ferenc Balázs",
  title="Quantum Computing and Communications: an engineering approach.",
  publisher="John Wiley \& Sons",
  year=2005
}

@BOOK{kvantkonyv2,
  author="Imre, Sándor  and Laszlo Gyongyosi",
  title="Advanced quantum communications: an engineering approach.",
  publisher="John Wiley \& Sons",
  year=2012
}
@article{zukowski1993event,
  title={" Event-ready-detectors" Bell experiment via entanglement swapping},
  author={Zukowski, Marek and Zeilinger, Anton and Horne, Michael A and Ekert, Aarthur K},
  journal={Physical Review Letters},
  volume={71},
  number={26},
  pages={4287--4290},
  year={1993},
  publisher={[Woodbury, NY, etc.] American Physical Society.}
}
@article{bennett1993teleporting,
  title={Teleporting an unknown quantum state via dual classical and Einstein-Podolsky-Rosen channels},
  author={Bennett, Charles H and Brassard, Gilles and Cr{\'e}peau, Claude and Jozsa, Richard and Peres, Asher and Wootters, William K},
  journal={Physical review letters},
  volume={70},
  number={13},
  pages={1895},
  year={1993},
  publisher={APS}
}
@article{peres2000delayed,
  title={Delayed choice for entanglement swapping},
  author={Peres, Asher},
  journal={Journal of Modern Optics},
  volume={47},
  number={2-3},
  pages={139--143},
  year={2000},
  publisher={Taylor \& Francis}
}
@article{ma2012experimental,
  title={Experimental delayed-choice entanglement swapping},
  author={Ma, Xiao-song and Zotter, Stefan and Kofler, Johannes and Ursin, Rupert and Jennewein, Thomas and Brukner, {\v{C}}aslav and Zeilinger, Anton},
  journal={Nature Physics},
  volume={8},
  number={6},
  pages={479--484},
  year={2012},
  publisher={Nature Research}
}
@article{goebel2008multistage,
  title={Multistage entanglement swapping},
  author={Goebel, Alexander M and Wagenknecht, Claudia and Zhang, Qiang and Chen, Yu-Ao and Chen, Kai and Schmiedmayer, J{\"o}rg and Pan, Jian-Wei},
  journal={Physical Review Letters},
  volume={101},
  number={8},
  pages={080403},
  year={2008},
  publisher={APS}
}